%------------------------------------------------------ 
%------------------------------------------------------ 
% CSIOS.ECE.USU bib entry vol.1
% collected by Dr YangQuan Chen. Oct. 10, 2000.
%------------------------------------------------------ 

%------------------------------------------------------ 
%% abbrevations constantly used 
%------------------------------------------------------ 
@string{acc="Proc. of American  Control Conf. "} 
@string{smc="Proc. of the IEEE Conf. on System, Man, and Cybernetics"} 
@string{ecc="Proc. of the European  Control Conf. "} 
@string{ascc="Proc. of the Asian Control Conf. "} 
@string{cca="Proc. of the IEEE Conf. on Control Applications "} 
@string{cdc="Proc. of the IEEE Conf. on Decision and Control"} 
@string{jrs="J. of Robotic  Systems "} 
@string{ieeejra="IEEE J. of Robotics Automation"}   
@string{ieeetra="IEEE Trans. of Robotics and Automation"}   
@string{siamjco="SIAM J. of Control and Optimization"} 
@string{automatica="Automatica"} 
@string{cep="Control Engineering Practice"} 
@string{ieeetac="IEEE Trans. of Automat. Contr. "}   
@string{ieeetcst="IEEE Trans. of Control Systems Technology"}   
@string{asme_dsmc="Trans. of ASME: J. of Dynamic Systems, Measurement, and Control"} 
@string{ijc="Int. J. of Control"} 
@string{ieed="IEE Proc.  Pt.-D"} 
@string{ijss="Int. J. of Systems Science"} 
@string{ijacsp="Int. J. of Adaptive Control and Signal Processing"} 
@string{scl="Systems and Control Letters"} 
@string{ijrnc="Int. J. of Robust and Nonlinear Control"} 
@string{imajmci="IMA J. of Math. Control and Infomation"} 
@string{ijrr="Int. J. of Robotics Research"} 
@string{ieeetie="IEEE Trans. of Industrial Electronics"}   
@string{ieeetsmc="IEEE Trans. of Systems, Man, and Cybernetics"} 
%
%
%------------------------------------------------------ 
%% topic-10 discrete time ILC ACC'02 IFAC'02 ASCC'02.
%------------------------------------------------------                                                   


@INPROCEEDINGS{tayebi99,
        author= {A. Tayebi and M. B. Zaremba},
        title = {Exponential convergence of an iterative learning controller for time varying nonlinear systems},
        booktitle = {Proc. of the 38th IEEE Conference on Decision and Control},
        year = 1999,
        pages = {1593--1598},
        organization = {IEEE},
        address = {Phoenix, Arizona USA},
        month =  {Dec.},
}

@ARTICLE{ishihara92,
        author = {T. Ishihara and K. Abe and H. Takeda},
        title = {A discrete-time design of robust iterative learning controllers},
        journal = {IEEE Trans. on Systems, Man and Cybernetics},
        year =  {1992},
        volume = {22},
        number = {1}, 
        pages = {74--84},
} 

@ARTICLE{pandit00ijc,
        author = {S. Hillenbrand and M. Pandit},
        title = {An iterative learning control with reduced sampling rate for plants with variations of initial states},
        journal = {Int. J. of Control},
        year =  {2000},
        volume = {73},
        number = {10}, 
        pages = {882-889},
} 

@ARTICLE{saab01ac,
        author = {S. S. Saab},
        title = {A discrete-time stochastic learning contorl algorithm},
        journal = {IEEE Trans. on Automatic Control},
        year =  {2001},
        volume = {46},
        number = {6}, 
        pages = {877--887},
        month =  June,
} 

%------------------------------------------------------ 
%% topic-9 Nonlinear PID controller.
%------------------------------------------------------                                                   

@ARTICLE{Krikelis80,
        author = {N. J. Krikelis},
        title = {State feedback integral control with ‘intelligent’ integrators},
        journal = {Int. J. of Control},
        year =  {1980},
        volume = {32}
        number =  {3},
        pages = {465–473 },
} 

@ARTICLE{Rugh87,
        author = {W. J. Rugh},
        title = {Design of nonlinear PID controllers},
        journal = {AIChE J.},
        year =  {1987},
        volume = {33},
        number = {10}, 
        pages = { 1738–1741},
} 


@ARTICLE{Shahruz94,
        author = {S. M. Shahruz and A. L. Schwartz},
        title = {Design and optimal tuning of non-linear {PI} compensators},
        journal = {J. Optimization Theory Applicat.},
        year =  {1994},
        volume = {83},
        number = {1}, 
        pages = {181–198 },
} 

@ARTICLE{Shahruz97,
        author = {S. M. Shahruz and A. L. Schwartz},
        title = {Nonlinear {PI} compensators that achieve high performance},
        journal = {J. Dyn. Syst., Measurement, Contr.},
        year =  {1997},
        volume = {119},
        pages = {105–110 },
        month =  Oct.,
} 

   

@ARTICLE{npid01,
        author = {Brian Armstrong and David Neevel and Todd Kusik},
        title = {New Results in NPID Control: Tracking, Integral Control, Friction Compensation
and Experimental Results},
        journal = {IEEE Transactions on Control Systems Technology},
        year =  {2001},
        volume = {9},
        number = {2},
        pages = {399--406},
        month =  March,
} 


%
%------------------------------------------------------ 
%% topic-8 B-Spline Network Based ILC.
%------------------------------------------------------                                                   

@BOOK{tfa_toolbox,
        author = {Fran\c cois Auger and Patrick Flandrin and Olivier Lemoine and Paulo Gon\c calv\' es},
        title = {Time-frequency toolbox for {M}atlab: Tutorial},
        publisher = {\texttt{http://crttsn.univ-nantes.fr/\char126 auger/tftb.html}},
        year = {1996},
}

@BOOK{signal_table,
        author = {A.~D. Poularikas},
	  editor = {R.~C. Dorf},
        title = {The handbook of formulas and table for signal processing},
        series = {The Electrical  Engineering Handbook Series},
        publisher = {CRC Press LLC and IEEE Press},
        year = {1999},
        address = {New York},
}
    
@INPROCEEDINGS{burdet97,
        author= {Burdet, E. and Rey, L.  and Codourey, A.},
        title = {A trivial method of learning control},
        booktitle = {Preprints of the 5th {IFAC} Symposium on Robot Control,
  volume 2},
        year = 1997,
        pages = { },
        organization = {IFAC},
        address = {Nante, France.},
        month =  ,
}

@INPROCEEDINGS{veries_ifac001,
        author= {T.~J.~A. de Vries and W.~J.~R. Velthuis and J.~van Amerongen },
        title = {Learning Feed-forward Control: A Survey and Historical Note },
        booktitle = {Proc. of the First IFAC Conference on Mechatronic Systems},
        year = 2000,
        pages = {949 -954},
        organization = {IEEE},
        address = {Darmstadt, Germany},
        month =  September,
}

@INPROCEEDINGS{veries_ifac002,
        author= {W.~J.~R. Velthuis and T.~J.~A. de Vries and J.~van Amerongen },
        title = {Design Procedure for a Learning Feed-Forward Controller},
        booktitle = {Proc. of the First IFAC Conference on Mechatronic Systems},
        year = 2000,
        pages = {955 -960},
        organization = {IEEE},
        address = {Darmstadt, Germany},
        month =  September,
}
@ARTICLE{Unser99,
        author = {M. Unser},
        title = {Splines: A Perfect Fit for Signal and Image Processing},
        journal = {IEEE Signal Processing Magazine},
        year =  1999,
        volume = 16,
        number = 6,
        pages = {22-38},
        month =  November,
} 

@ARTICLE{Velthius00,
        author = {Velthuis, W. J. R. and Vries, T. J. A. de and Schaak, P., and Gaal, E. W.},
        title = {Stability analysis of learning feed-forward control},
        journal = {Automatica},
        year =  2000,
        volume = 36,
        number = 12,
        pages = {1889-1895},
        month = 12,
} 

@PHDTHESIS{Velthuis_phd,
        author = {Velthuis, W. J. R.},
        title = {Learning feed-forward control - theory, design and applications},
        school = {University of Twente},
        year = {2000},
        address = {Enschede, The Netherlands},
        month = {},
        }

@ARTICLE{Velthius98,
        author = {W.~J. Velthuis and T.~J.~A.~de Vries and K.~H.~J. Vrielink and G.~J. Wierda and A. Borghuis},
        title = {Learning control of a flight simulator stick},
        journal = {Journal A},
        year =  1998,
        volume = 39,
        number = 3,
        pages = {29-34},
} 

@ARTICLE{Otten97,
        author = {G. Otten and T.~J.~A.~de Vries and J.~van Amerongen and A.~M. Rankers and E.~W. Gaal},
        title = {Linear Motor Motion Control Using a Learning Feedforward Controller},
        journal = {IEEE/ASME     Trans. Mechatronics},
        year =  1997,
        volume = 2,
        number = 3,
        pages = {179-187},
} 

@ARTICLE{Starrenburg96,
        author = {J.~G. Starrenburg and W.~T.~C.~van Luenen and W. Oelen and J.~van Amerongen},
        title = {Learning feedforward controller for a mobile robot vehicle},
        journal = {Control Engineering     Practice},
        year =  1996,
        volume = 14,
        number = 9,
        pages = {1221-1230},
}  
     
@INPROCEEDINGS{Velthuis00_icarcv,
        author= {W.~J.~R. Velthuis and T.~J.~A.~de Vries and  Menno Haring},
        title = {Regularisation in  Learning Feed-Forward Control},
        booktitle = {Proceedings 6th Int. Conf. on Control, Automation, Robotics and Vision},
        year = 2000,
        pages = {406.1-406.6},
        address = {Singapore },
}

@INPROCEEDINGS{Velthuis98cdc,
        author= {W.~J.~R. Velthuis and T.~J.~A.~de Vries and E. Gaal},
        title = {Experimental verification of the
    stability analysis of Learning Feed-Forward Control},
        booktitle = {Proceedings 37th IEEE
    Conference on Decision and Control},
        year = 1998,
        pages = {1225-1229},
        address = {Tampa, Florida, USA},
}
@INPROCEEDINGS{Vries,
        author= {T.~J.~A.~de Vries and L.~J. Idema and W.~J.~R. Velthuis},
        title = {Parsimonious learning     feed-forward control},
        booktitle = {Proc. 6th European Symposium on Artificial Neural Networks
    ESANN'98},
        year = 1998,
        editor = {M. Verleysen},
        pages = {85-90},
        address = {Bruges, Belgium},
}
@INPROCEEDINGS{Vries98ilc,
        author= {T.~J.~A.~de Vries and W.~J.~R. Velthuis},
        title = {Toward exploiting the benefits of ILC in
    non-repetitive-motion applications},
        booktitle = {Iterative Learning and Control Workshop and     Roundtable},
        year = 1998,
        editor = {K.~L. Moore},
        pages = {87-88},
        organization = {},
        address = {IEEE CDC Tampa, Florida, USA},
        month = 12,
}
 
@INPROCEEDINGS{Velthuis97,
        author= {W.~J.~R Velthuis and T.~J.~A.~de Vries and J.~van Amerongen},
        title = {Performance     Optimisation of Learning Feed Forward Control},
        booktitle = {Proc. IFAC Symp. AI in Real Time     Control (AIRTC'97)},
        year = 1997,
        pages = {391-396},
        address = {Kuala Lumpur, Malays},
}
     
@INPROCEEDINGS{,
        author= {},
        title = {},
        booktitle = {},
        year = ,
        editor = {},
        pages = {},
        organization = {},
        publisher = {},
        address = {},
        month = ,
}
    
@INPROCEEDINGS{Velthuis96isic,
        author= {W.J.R. Velthuis, T.J.A. de Vries and J. van Amerongen},
        title = {Learning feed forward    control of a flexible beam},
        booktitle = {Proc. IEEE Int. Symp. on Intelligent Control ISIC '96},
        year = 1996,
        pages = {103-108},
        address = {Dearborn, MI, USA},
}

%------------------------------------------------------ 
%% topic-9 QFT.
%------------------------------------------------------ 
@BOOK{qft,
        author = {C.~H.~Houpis and S.~J.~Rasmussen},
        editor = {Neil Munro},  
        title = {Classical feedback control with {MATLAB}},
        series = {Control Engineering Series of Reference Books and Textbooks},
        volume = {6},
        publisher = {Marcel Dekker, Inc.},
        year = {2000},
        address = {New York},
}
        
@BOOK{cfc,
        author = {Boris J. Lurie  and Paul J. Enright},
        editor = {Neil Munro},  
        title = {Quantitative feedback theory: fundamental and applications},
        series = {Control Engineering Series of Reference Books and Textbooks},
        volume = {3},
        publisher = {Marcel Dekker, Inc.},
        year = {1999},
        address = {New York},
}

%----------------------------------------------------- 
%% topic-1 Lambert function and delayed linear systems.
%------------------------------------------------------ 
 
@ARTICLE{cm_automatica01,
        author = {Yangquan Chen and Kevin L. Moore},
        title = {Analytical stability bound for delayed second 
order systems with repeating poles using {L}ambert function $W$},
        journal = {Automatica},
        year = 2001,
        volume = ,
        pages = {to appear},
}

@INPROCEEDINGS{falbo95,
        author= {C. E. Falbo },
        title = {Analytic and Numerical Solutions to the Delay Differential Equations},
        booktitle = {Joint Meeting of the Northern and Southern California Sections of the MAA},
        year = 1995,
        address = {San Luis Obispo, CA., USA},
}
 
@BOOK{gorecki89,
        author = {H. Gorecki  and S. Fuksa and P. Grabowski  and A. Korytowski },
        title = {Analysis and Synthesis of Time Delay Systems},
        publisher = {John Wiley and Sons, PWN-Polish Scientific Publishers},
        year = {1989},
        address = {Warszawa},
}

@BOOK{bellman63,
        author = {R. E. Bellman and K. L. Cooke},
        title = {Differential-difference equations},
        publisher = {Academic Press},
        year = {1963},
        address = {New York},
}
 
 
@ARTICLE{smith59,
        author = {O. J. M. Smith},
        title = {A controller to overcome dead time},
        journal = {ISA J.},
        year = 1959,
        volume = 6,
        pages = {28--33},
}

@ARTICLE{lambert1758,
        author = {J.~H. Lambert },
        title = {Observationes Varies in Mathesin Puram},
        journal = {Acta Helvetica, Physico-mathematico-anatomico-botanico-medica},
        year = 1758,
        volume = 3,
        number = Basel,
        pages = {128--168},
}

@ARTICLE{euler1777,
        author = {L. Euler },
        title = {Deformulis exponentialibus replicatis},
        journal = {Leonardo Euleri Opera Omnia, Ser. 1, Opera Mathematica, {\bf 15}, 1927},
        year = 1777,
        pages = {268-297},
} 
@ARTICLE{euler1779,
        author = {L. Euler },
        title = {De serie {L}ambertina plurimistique eius insignibus proprietatibus},
        journal = {Leonardo Euleri Opera Omnia, Ser. 1, Opera Mathematica, {\bf 6}, 1921},
        year = 1779,
        pages = {350--369},
} 

@BOOK{marshall92,
        author = {J. E. Marshall  and H. Gorecki  and K. Walton  and A. Korytowski },
        title = {Time Delay Systems, Stability and Performance criteria with applications},
        publisher = {Ellis Horwood Limited},
        year = 1992,
        address = {West Sussex, England},
}

@BOOK{marshall79,
        author = {J. E. Marshall},
        title = {Control Time-Delay Systems},
        publisher = {IEE},
        year = 1979,
        volume = {10},
        series = {Control Engineering Series},
        address = {London},
}
@BOOK{corless94,
        author = {R. M. Corless},
        title = {Essential Maple },
        publisher = {Springer-Verlag},
        year = 1994,
}


@INPROCEEDINGS{abdelrahman96,
        author= {M. Abdelrahman and K. L. Moore  and  D. S. Naidu},
        title = {Generalized Smith Predictor for Robust Control of Nuclear Reactors with Time Delays},
        booktitle = {Proceeding of the American Nuclear Society International Topical Meeting on Nuclear Plar~t Instrumentation, Control and Human machine Interface Technologies},
        year = 1996,
        address = {Pittsburgh, Pennsylvania, USA},
} 

@INPROCEEDINGS{asl00,
        author= {Farshid Maghami Asl and  A. Galip Ulsoy},
        title = {Analytical Solution of a System of Homogeneous Delay Differential Equations via the {L}ambert Function},
        booktitle = {Proceeding of the American Control Conference },
        year = 2000,
        pages = {2496-2500},
        address = {Chicago, Illinois, USA},
        month = 6,
} 
@ARTICLE{wright49,
        author = {E. M. Wright},
        title = {The linear difference-differential equation with constant coefficients},
        journal = {Proc. Royal Soc. Edinburgh},
        year = 1949,
        volume = {62A},
        pages = {387-393},
} 

% W-function

@BOOK{martin95,
        author = {Thomas E. Martin},
        title = {Process control - designing processes and control systems for dynamic performance},
        publisher = {McGraw-Hill, Inc.},
        year = 1995,
        series = {McGraw-Hill Chemical Engineering Series},
        address = {New York},
}

@INPROCEEDINGS{corless97,
        author= {Robert M. Corless and David J. Jeffrey  and Donald E. Knuth},
        title = {A Sequence of Series for the {L}ambert {$W$} Function},
        booktitle = {Proceedings ISSAC '97},
        year = 1997,
        editor = {Wolfgang W. Kuechlin},
        pages = {197--204},
        address = {Maui, USA},
} %http://www.apmaths.uwo.ca/~rcorless/frames/PAPERS/LambertW/CorlessJeffreyKnuth.ps

@ARTICLE{corless96,
        author = {Robert M. Corless and G. H. Gonnet and D. E. G. Hare and D. J. Jeffrey  and D. E. Knuth},
        title = {On the {L}ambert {$W$} Function},
        journal = {Advances in Computational Mathematics},
        year = 1996,
        volume = 5,
        pages = {329--359},
}%http://www.apmaths.uwo.ca/~rcorless/frames/PAPERS/LambertW/LambertW.ps

@ARTICLE{jeffrey96,
        author = {D. J. Jeffrey  and D. E. G. Hare and  Robert M. Corless },
        title = {Unwinding the branches of the   {L}ambert {$W$} Function},
        journal = {Math. Scientist},
        year = 1996,
        volume = 21,
        pages = {1--7},
}%http://www.apmaths.uwo.ca/~djeffrey/Offprints/wbranch.ps

@ARTICLE{jeffrey95,
        author = {D. J. Jeffrey  and  Robert M. Corless and D. E. G. Hare and   D. E. Knuth},
        title = {Sur l'inversion de $y^a e^y$ au moyen des nombres de {S}tirling associes},
        journal = {Comptes Rendus Acad. Sci. Paris, t. 320, Serie I},
        year = 1995,
        pages = {1449--1452},
} %http://www.apmaths.uwo.ca/~djeffrey/Offprints/cr-eng.ps    
 

@ARTICLE{corless93,
        author = {Robert M. Corless and G. H. Gonnet and D. E. G. Hare  and D. J. Jeffrey},
        title = {{L}ambert's ${W}$ Function in {M}aple},
        journal = {Maple Technical Newsletter},
        year = 1993,
        volume = 9,
        pages = {12--22},
} %http://www.apmaths.uwo.ca/~rcorless/papers/LambertW/mtnw.ps.Z   


@ARTICLE{valluri00,
        author = {S. R. Valluri and  D. J. Jeffrey and R. M. Corless},
        title = {Some applications of the   {L}ambert's ${W}$ Function to physics},
        journal = {Canadian J. Physics},
        year = 2000,
        pages = {1--8},
} %http://www.apmaths.uwo.ca/~djeffrey/Offprints/physics.ps   
 

%------------------------------------------------------ 
% templates 
%------------------------------------------------------ 
@ARTICLE{key,
        author = {r},
        title = {r},
        journal = {r},
        year = r,
        volume = ,
        number = ,
        pages = {},
        month = ,
}

@BOOK{key,
        author = {r},
        editor = {r},  # Use one or the other
        title = {r},
        publisher = {r},
        year = r,
        volume = {},
        series = {},
        address = {},
        edition = {},
        month = {},
}

@BOOKLET{key,
        title = {r},
        author = {},
        howpublished = {},
        address = {},
        month = {},
        year = {},
        }

@INBOOK{key,
        author = {r},
        editor = {r},  # Use one or the other
        title = {r},
        chapter = {r},
        pages = {r},  # Use either or both
        publisher = {r},
        year = {r},
        volume = {},
        series = {},
        address = {},
        edition = {},
        month = {},
        }

@INCOLLECTION{key,
        author = {r},
        title = {r},
        booktitle = {r},
        publisher = {r},
        year = {r},
        editor = {},
        chapter = {},
        pages = {},
        address = {},
        month = {},
        }

@INPROCEEDINGS{key,
        author= {r},
        title = {r},
        booktitle = {r},
        year = r,
        editor = {},
        pages = {},
        organization = {},
        publisher = {},
        address = {},
        month = ,
}

@MANUAL{key,
        title = {r},
        author = {},
        organization = {},
        address = {},
        edition = {},
        month = {},
        year = {},
        }

@MASTERSTHESIS{key,
        author = {r},
        title = {r},
        school = {r},
        year = {r},
        address = {},
        month = {},
}

@MISC{key,
        author = {},
        title = {},
        howpublished = {},
        month = {},
        year = {},
}

@PHDTHESIS{key,
        author = {r},
        title = {r},
        school = {r},
        year = {r},
        address = {},
        month = {},
        }

@PROCEEDINGS{key,
        title = {r},
        year = {r},
        editor = {},
        publisher = {},
        organization = {},
        address = {},
        month = {},
        }

@TECHREPORT{key,
        author = {r},
        title = {r},
        institution = {r},
        year = r,
        type = {},
        number = {},
        address = {},
        month = ,
}

@UNPUBLISHED{key,
        author = {r},
        title = {r},
        note = {r},
        month = {},
        year = {},
        }
 