@inproceedings{Dedieu00Mixed,
    author={D.~Dedieu and V.~Cadenet and P.~Sou{\`e}res},
    title={Mixed Camera-laser Based Control for Mobile Robot Navigation},
    abstract={2D laser range data for obstacle avoidance },
    booktitle={Proceedings of the 2000 IEEE/RSJ International Conference on Intelligent
        Robots and Systems},
    year={2000}
}

@inproceedings{Hartmart2001ISR,
    author={H.~Surmann and K.~Lingemann and A.~Nuchter and J.~Hertzberg},
    title={A 3{D} laser range finder for autonomous mobile robots},
    abstract={http://capehorn.gmd.de:8080/scanner/index.html},
    booktitle={Proceedings of the 32nd ISR2001 (International Symposium on Robotics), Seoul,
        Korea},
    year={2001},
    pages={153--158}
}

@inproceedings{Taylor1996,
    author={R.~M. Taylor and P.~J.~Probert},
    title={Range Finding and Feature Extraction by Segmentation of Images for Mobile
        Robot Navigation},
    booktitle={Proceedings for the 1996 IEEE International Conference on Robotices and
        Automation Minneapolis, Minnesota },
    year={1996},
    month={Apr.}
}

@inproceedings{Vandorpe1996,
    author={J.~Vandorpe and H.~V. Brussel and H.~Xu},
    title={Exact Dynamic Map Building for a Mobile Robot using Geometrical Primitives
        Produced by a 2{D} Range Finder},
    abstract={simple segmentations ( extracte lines and circles ) Maybe useful for future
        motion detection.},
    booktitle={Proceedings for the 1996 IEEE International Conference on Robotices and
        Automation Minneapolis, Minnesota },
    year={1996},
    month={Apr.}
}

@inproceedings{Cadenat2000,
    author={V.~Cadenat and P.~Sou{\'e}res and M.~Courdesses},
    title={Two Milti-sensor-based Control Strateties for Driving a Robot Amidst Obstacles},
    abstract={The robot uses 2{D} laser and a mobile camera for abstacle avoidance. },
    booktitle={Proceedings for the 39th IEEE Conference on Decision and Control Sydney,
        Australia },
    year={2000},
    month={Dec.}
}

@inproceedings{Laurent1997,
    author={J.~Laurent and M.~Talbot and M.~Coucet},
    title={Road Surface Inspection Using Laser Scanners Adapted for the High Precision
        3{D} Measurements of Large Flat Surfaces},
    booktitle={Proceedings of the International Conference on Recent Advances in 3-D Digital
        Imaging and Modeling IEEE},
    year={1997}
}

@article{HoughSurvey,
    author={J.~Illingworth and J.~Kittler},
    title={A Survey of the {H}ough {T}ransform },
    journal={CVGIP},
    volume={44},
    year={1998},
    pages={87--116}
}

@article{HoughWeb,
    author={Lappeenranta University of Technology, Finland},
    title={{H}ough {T}ransform related publications},
    abstract={http://www.lut.fi/dep/tite/XHoughtool/publications.html}
}

@article{Atherton99CHT,
    author={T.~J. Atherton and D.~J. Kerbyson},
    title={Size Invariant Circle Detection},
    abstract={Circle HT http://www.c3.lanl.gov/par_arch/Publications.html},
    journal={Image and Vision Compution},
    volume={17},
    year={1999},
    pages={795--803}
}

@article{guil97lower,
    author={N.~Guil and E.~L.Zapata},
    title={Lower Order Circle and Ellipse {H}ough {T}ransform},
    abstract={Fast Circle HT Fast Ellipse HT http://citeseer.nj.nec.com/guil97lower.html},
    journal={J.~Pattern Recognition},
    volume={30},
    year={1997},
    pages={1729--1744},
    month={Oct.},
    number={10}
}

@inproceedings{guil96new,
    author={N.~Guil and E.~L. Zapata},
    title={A New Invariant Scheme For The Generalized {H}ough transform},
    abstract={GHT http://citeseer.nj.nec.com/guil96new.html},
    booktitle={IASTED Int'l. Conf. on Signal and Image Processing},
    year={1996},
    month={Nov.},
    address={Orlando, Fl, },
    pages={88--91}
}

@misc{guil-new,
    author={N.~Guil and E.!L. Zapata},
    title={A New Invariant Scheme For The Generalized {H}ough {T}ransform},
    url={citeseer.nj.nec.com/guil96new.html}
}

@inproceedings{matas98progressive,
    author={J.~Matas and C.~Galambos and J.~Kittler},
    title={Progressive Probabilistic {H}ough {T}ransform},
    abstract={www.bmva.ac.uk/bmvc/1998/pdf/p176.pdf http://www.ee.surrey.ac.uk/Personal/G.Matas/publications/hough
        In M. S. Nixon, editor, Proc British Machine Vision Conference BMVC98,
        volume 1, pages 256-265, London, UK, September 1998. University of Southampton,
        British Machine Vision Association. },
    booktitle={Proc. British Machine Vision Conference BMVC98},
    year={1998},
    month={Sep.}
}

@misc{HuaLineFitting,
    author={K.~Abed-Meraim and Y.~Hua},
    title={Multi-Line Fitting and Straight Edge Detection using Polynomial Phase Signals},
    abstract={In this paper, a new signal processing method is developed for solving the
        multi-line fitting problem in a two dimensional image. We first reformulate
        the former problem in a special parameter estimation framework such that
        a first order or a second order polynomial phase signal structure is obtained.
        Then, the recently developed algorithms in that formalism can be exploited
        to produce accurate estimates for line parameters. The signal representation
        employed in this formulation can be generalized to handle both problems
        of line fitting (in which a set of binary valued discrete pixels is given)
        and straight edge detection (in which one starts with a grey scale image).
        A main advantage of the proposed method is its ability to estimate the
        parameters of parallel lines with different offsets which can not be handled
        by the sensor array processing technique introduced by Aghajan et al. Simulation
        results are presented to demonstrate the usefulness of the proposed method.
        %%submitted toDec 1997},
    year={1997},
    month={Dec.},
    howpublished={IEEE-IP },
    url={$<$citeseer.nj.nec.com/279424.html$>$},
    publisher={IEEE-IP }
}

@misc{Borenstein96WhereAmI,
    author={J.~Borenstein and H.~R. Everett and L.~Feng},
    title={Where Am {I}, Sensors and Methods for Mobile Robot Positioning},
    year={1996},
    howpublished={ \texttt{http://www-personal.engin.umich.edu/} \texttt{\char126 johannb/position.htm} }
}

@inproceedings{Ruzon99Corner,
    author={M.~A. Ruzon and C.~Tomasi},
    title={Corner Detection in Textured Color Images},
    abstract={2D corner detection},
    booktitle={IEEE Seventh International Conference on Computer Vision},
    year={1999},
    month={Sep.},
    pages={1039--1045}
}

@inproceedings{Smith97Susan,
    author={S.~M. Smith and J.~M. Brady},
    title={{SUSAN} - a new approach to low-level image processing, },
    booktitle={International Journal of Computer Vision},
    year={1997},
    month={23(1):},
    pages={45--78}
}

@inproceedings{Cadenat00,
    author={V.~Cadenat and P.~Sou{\`e}re and M.~Courdesses},
    title={Two Multi-sensor-based Control Strategies for Driving a Robot Amidst Obstacles},
    booktitle={Proceedings of the 39th IEEE Conference on Decision and Control },
    year={2000},
    month={Dec.},
    address={Sydney, Australia}
}

@article{Goto00Design,
    author={H.~Goto and H.~Aso},
    title={Designing Efficient {H}ough transform by Noise-Level Shaping},
    abstract={precision issue in Hough transform},
    journal={IEICE Trans. Inf. and Syst. },
    volume={E83-D},
    year={2000},
    month={Feb.},
    number={2},
    booktitle={IEICE Trans. Inf. and Syst. }
}

@article{Goto98Efficient,
    author={H.~Goto},
    title={The Efficient Sampling Interval of the Scanning Parameter in the {H}ough Transform},
    journal={Systems and Computers in Japan},
    volume={29},
    year={1998},
    pages={697--705},
    month={Apr.},
    number={11}
}

@inproceedings{Jan00model,
    author={J.~Puzicha and S.~Belongie},
    title={Model-based Halftoning for Color Image Segmentation},
    abstract={ICPR 2000, Barcelona, Spain, pp. 629-32 vol.3. http://www.cs.berkeley.edu/~sjb/ICCV99.html},
    booktitle={Interational Conference on Pattern Recognition},
    year={2000},
    address={Barcelona, Spain},
    pages={629--32}
}

@book{Adams99,
    author={M.~D. Adams},
    title={Sensor modelling, design and data processing for Autonomous navigation},
    publisher={World Scientific},
    year={1999},
    volume={13},
    address={Singapore},
    series={World Scientific in Robotics and Intelligent Systems}
}

@book{Nourbakhsh97,
    author={I.~R. Nourbakhsh},
    title={Interleaving planning and execution for autonomous robots},
    publisher={Kluwer Academic Publishers},
    year={1997},
    address={Boston},
    series={The Kluwer International Series in Engineering and Computer Science: Robotics:
        Vision, Manipulation and Sensors}
}

